% Encoding: UTF-8


@Article{adibi2010multi,
  Title                    = {Multi-objective scheduling of dynamic job shop using variable neighborhood search},
  Author                   = {Adibi, MA and Zandieh, M and Amiri, M},
  Journal                  = {Expert Systems with Applications},
  Year                     = {2010},
  Number                   = {1},
  Pages                    = {282--287},
  Volume                   = {37},

  Publisher                = {Elsevier}
}

@Article{agrawalenergy,
  Title                    = {Energy-Aware Scheduling of Distributed Systems},
  Author                   = {Agrawal, P. and Rao, S.},
  Journal                  = {Automation Science and Engineering, IEEE Transactions on},
  Year                     = {2014},

  Month                    = {Oct},
  Number                   = {4},
  Pages                    = {1163-1175},
  Volume                   = {11},

  Doi                      = {10.1109/TASE.2014.2308955},
  ISSN                     = {1545-5955},
  Keywords                 = {cellular automata;computational complexity;genetic algorithms;graph theory;heuristic programming;scheduling;CA;GA;NP-hard problem;cellular automata;distributed systems;energy-aware scheduling;genetic algorithm;heuristic;minimum makespan scheduling problem;program graph;system graph;time-energy trade-offs;Algorithm design and analysis;Energy efficiency;Genetic algorithms;Job shop scheduling;Machine learning;Optimal scheduling;Cellular automata (CA);distributed systems;energy-aware scheduling;genetic algorithms (GA);learning algorithms;machine learning;makespan}
}

@Article{applegate1991computational,
  Title                    = {A computational study of the job-shop scheduling problem},
  Author                   = {Applegate, David and Cook, William},
  Journal                  = {ORSA Journal on computing},
  Year                     = {1991},
  Number                   = {2},
  Pages                    = {149--156},
  Volume                   = {3},

  Publisher                = {INFORMS}
}

@Article{blazewicz1996job,
  Title                    = {The job shop scheduling problem: Conventional and new solution techniques},
  Author                   = {B{\l}a{\.z}ewicz, Jacek and Domschke, Wolfgang and Pesch, Erwin},
  Journal                  = {European journal of operational research},
  Year                     = {1996},
  Number                   = {1},
  Pages                    = {1--33},
  Volume                   = {93},

  Publisher                = {Elsevier}
}

@Article{brucker1997branch,
  Title                    = {A branch \& bound algorithm for the open-shop problem},
  Author                   = {Brucker, Peter and Hurink, Johann and Jurisch, Bernd and W{\"o}stmann, Birgit},
  Journal                  = {Discrete Applied Mathematics},
  Year                     = {1997},
  Number                   = {1},
  Pages                    = {43--59},
  Volume                   = {76},

  Publisher                = {Elsevier}
}

@Article{buyya2002economic,
  Title                    = {Economic models for resource management and scheduling in grid computing},
  Author                   = {Buyya, Rajkumar and Abramson, David and Giddy, Jonathan and Stockinger, Heinz},
  Journal                  = {Concurrency and computation: practice and experience},
  Year                     = {2002},
  Number                   = {13-15},
  Pages                    = {1507--1542},
  Volume                   = {14},

  Publisher                = {Wiley Online Library}
}

@InProceedings{carvalho2009evaluation,
  Title                    = {Evaluation of static and dynamic task mapping algorithms in NoC-based MPSoCs},
  Author                   = {Carvalho, E. and Marcon, C. and Calazans, N. and Moraes, F.},
  Booktitle                = {System-on-Chip, 2009. SOC 2009. International Symposium on},
  Year                     = {2009},
  Month                    = {Oct},
  Pages                    = {087-090},

  Doi                      = {10.1109/SOCC.2009.5335672},
  Keywords                 = {integrated circuit design;logic design;multiprocessing systems;network-on-chip;MPSoC design;NoC;dynamic task mapping;static task mapping;system design;Algorithm design and analysis;Costs;Delay;Energy consumption;Genetics;Heuristic algorithms;Multimedia systems;Network-on-a-chip;Simultaneous localization and mapping;Topology}
}

@Article{engin2004new,
  Title                    = {A new approach to solve hybrid flow shop scheduling problems by artificial immune system},
  Author                   = {Engin, Orhan and D{\"o}yen, Alper},
  Journal                  = {Future Generation Computer Systems},
  Year                     = {2004},
  Number                   = {6},
  Pages                    = {1083--1095},
  Volume                   = {20},

  Publisher                = {Elsevier}
}

@Article{ignall1965application,
  Title                    = {Application of the branch and bound technique to some flow-shop scheduling problems},
  Author                   = {Ignall, Edward and Schrage, Linus},
  Journal                  = {Operations research},
  Year                     = {1965},
  Number                   = {3},
  Pages                    = {400--412},
  Volume                   = {13},

  Publisher                = {INFORMS}
}

@Article{ishii1995single,
  Title                    = {Single machine scheduling problem with fuzzy precedence relation},
  Author                   = {Ishii, Hiroaki and Tada, Minoru},
  Journal                  = {European Journal of Operational Research},
  Year                     = {1995},
  Number                   = {2},
  Pages                    = {284--288},
  Volume                   = {87},

  Publisher                = {Elsevier}
}

@Book{kaufmann1975introduction,
  Title                    = {{Introduction à la théorie des sous-ensembles flous à l'usage des ingénieurs (fuzzy sets theory)}},
  Author                   = {Kaufmann, Arnold},
  Publisher                = {Masson},
  Year                     = {1975},

  Address                  = {Paris}
}

@Article{li2010effective,
  Title                    = {An effective hybrid tabu search algorithm for multi-objective flexible job-shop scheduling problems},
  Author                   = {Li, Jun-qing and Pan, Quan-ke and Liang, Yun-Chia},
  Journal                  = {Computers \& Industrial Engineering},
  Year                     = {2010},
  Number                   = {4},
  Pages                    = {647--662},
  Volume                   = {59},

  Publisher                = {Elsevier}
}

@InProceedings{li2007efficient,
  Title                    = {Efficient Operating System Scheduling for Performance-asymmetric Multi-core Architectures},
  Author                   = {Li, Tong and Baumberger, Dan and Koufaty, David A. and Hahn, Scott},
  Booktitle                = {Proceedings of the 2007 ACM/IEEE Conference on Supercomputing},
  Year                     = {2007},

  Address                  = {New York, NY, USA},
  Pages                    = {53:1--53:11},
  Publisher                = {ACM},
  Series                   = {SC '07},

  Acmid                    = {1362694},
  Articleno                = {53},
  Doi                      = {10.1145/1362622.1362694},
  ISBN                     = {978-1-59593-764-3},
  Location                 = {Reno, Nevada},
  Numpages                 = {11},
  Url                      = {http://doi.acm.org/10.1145/1362622.1362694}
}

@InBook{Lindberg2012,
  Title                    = {Comparison and Analysis of Greedy Energy-Efficient Scheduling Algorithms for Computational Grids},
  Author                   = {Lindberg, Peder and Leingang, James and Lysaker, Daniel and Bilal, Kashif and Khan, Samee Ullah and Bouvry, Pascal and Ghani, Nasir and Min-Allah, Nasro and Li, Juan},
  Pages                    = {189--214},
  Publisher                = {John Wiley \& Sons, Inc.},
  Year                     = {2012},

  Booktitle                = {Energy-Efficient Distributed Computing Systems},
  Doi                      = {10.1002/9781118342015.ch7},
  ISBN                     = {9781118342015},
  Keywords                 = {greedy energy-efficient algorithm comparison, distributed computational network and resource sharing, EATA problems, multiconstrained, multiobjective optimization, CRAH, and seven proposed heuristics, energy-minimizing task scheduling in distributed systems},
  Url                      = {http://dx.doi.org/10.1002/9781118342015.ch7}
}

@Article{lotfi2008fuzzy,
  Title                    = {Fuzzy sets and their applications to cognitive and decision processes},
  Author                   = {Lotfi, A and King-Sun, Fu and Kokichi, Tanaka and Masamichi, Shimura and others},
  Journal                  = {Academic Press Rapid Manuscript Reproduction},
  Year                     = {2008}
}

@Article{low2009genetic,
  Title                    = {Genetic algorithm-based heuristics for an open shop scheduling problem with setup, processing, and removal times separated},
  Author                   = {Low, Chinyao and Yeh, Yuling},
  Journal                  = {Robotics and Computer-Integrated Manufacturing},
  Year                     = {2009},
  Number                   = {2},
  Pages                    = {314--322},
  Volume                   = {25},

  Publisher                = {Elsevier}
}

@Article{yagmahan2008ant,
  Title                    = {Ant colony optimization for multi-objective flow shop scheduling problem},
  Author                   = {Yagmahan, Betul and Yenisey, Mehmet Mutlu},
  Journal                  = {Computers \& Industrial Engineering},
  Year                     = {2008},
  Number                   = {3},
  Pages                    = {411--420},
  Volume                   = {54},

  Publisher                = {Elsevier}
}

@Book{yeh1974fuzzy,
  Title                    = {Fuzzy Relations, Fuzzy Graphs, and Their: Applications to Clustering Analysis},
  Author                   = {Yeh, Raymond T and Bang, SY},
  Publisher                = {Software Engineering and Systems Laboratory, Institute of Computing Science and, Computer Applications, The University of Texas at Austin},
  Year                     = {1974}
}

@Article{zadeh1999fuzzy,
  Title                    = {Fuzzy logic and the calculi of fuzzy rules, fuzzy graphs, and fuzzy probabilities},
  Author                   = {Zadeh, LA},
  Journal                  = {Computers \& Mathematics with applications},
  Year                     = {1999},
  Number                   = {11},
  Pages                    = {35},
  Volume                   = {37},

  Publisher                = {Elsevier}
}

@Article{zadeh1971similarity,
  Title                    = {Similarity relations and fuzzy orderings},
  Author                   = {Zadeh, Lotfi Asker},
  Journal                  = {Information sciences},
  Year                     = {1971},
  Number                   = {2},
  Pages                    = {177--200},
  Volume                   = {3},

  Publisher                = {Elsevier}
}

@Article{zadeh1965fuzzy,
  Title                    = {Fuzzy sets},
  Author                   = {Zadeh, Lotfi A},
  Journal                  = {Information and control},
  Year                     = {1965},
  Number                   = {3},
  Pages                    = {338--353},
  Volume                   = {8},

  Publisher                = {Elsevier}
}

@Comment{jabref-meta: databaseType:bibtex;}
